@MISC{Mat11,
	author = {Miguel Mata},
	title  ={Bibliograf\'{\i}a en \LaTeX: Una gu\'{\i}a concisa de \textsc{Bib}\TeX},
	year = {2011},
	howpublished = {(versi\'on 0.3), recurso libre, disponible en http://logistica.fime.uanl.mx/miguel/docs/BibTeX.pdf}
}
@MISC{Shelley10,
	author = {Shelley H Carson},
	title = {Plagiarism and its effect on creative work},
	year = {2010},
	type = {Blog},
	url = {https://www.psychologytoday.com/blog/life-art/201010/plagiarism-and-its-effect-creative-work}
}
@MISC{Ladislav2010,
	author = {Ladislav Jak\'{\o}czy y Veronika Hor\'u0147'{n}akov\'{\a}},
	title = {PLAGIARISM AT THE UNIVERSITIES AND POSSIBILITIES OF ITS
ELIMINATION},
	year = {2010},
	type = {publicaci√≥n},
	url = {http://www.sefi.be/wp-content/papers2010/papers/1150.pdf}
}
